
@misc{leurent_environment_2018,
	title = {An {Environment} for {Autonomous} {Driving} {Decision}-{Making}},
	url = {https://github.com/eleurent/highway-env},
	publisher = {GitHub},
	author = {Leurent, Edouard},
	year = {2018},
	note = {Publication Title: GitHub repository},
}
